@misc{forvo_how_nodate,
	title = {How to pronounce niche in {English} - {Definition} and synonyms of niche in {English}},
	url = {https://forvo.com/word/niche/},
	language = {English},
	urldate = {2018-11-09},
	journal = {Forvo.com},
	author = {{Forvo}},
}

@misc{brannen_uga_2018,
	type = {E-mail},
	title = {{UGA} {Dining}},
	language = {English},
	author = {Brannen, Allison},
	month = nov,
	year = {2018}
}

@misc{goren_uga_2017,
	type = {Blog},
	title = {{UGA} {Words} {You}â€™ve {Been} {Saying} {Wrong}},
	url = {https://theblacksheeponline.com/georgia/5-uga-words-youve-saying-wrong},
	language = {English},
	urldate = {2018-11-09},
	journal = {The Black Sheep},
	author = {Goren, Ben},
	month = apr,
	year = {2017}
}

@misc{noauthor_niche_2018,
	key = {OED},
	type = {Dictionary Entry},
	title = {niche, n.},
	url = {http://www.oed.com/view/Entry/126748},
	language = {English},
	urldate = {2018-11-13},
	journal = {OED Online},
	publisher = {Oxford University Press},
	month = jul,
	year = {2018},
}

@article{vendelin_influence_2006,
	series = {Loanword {Phonology}: {Current} {Issues}},
	title = {The influence of orthography on loanword adaptations},
	volume = {116},
	issn = {0024-3841},
	url = {http://www.sciencedirect.com/science/article/pii/S0024384105001038},
	doi = {10.1016/j.lingua.2005.07.005},
	number = {7},
	urldate = {2018-11-07},
	journal = {Lingua},
	author = {Vendelin, Inga and Peperkamp, Sharon},
	month = jun,
	year = {2006},
	keywords = {Phonetics, Phonology, Loanword adaptations, Orthography},
	pages = {996--1007},
}

@article{paradis_preservation_1997,
	title = {Preservation and minimality in loanword adaptation},
	volume = {33},
	issn = {1469-7742, 0022-2267},
	url = {http://www.cambridge.org/core/journals/journal-of-linguistics/article/preservation-and-minimality-in-loanword-adaptation/DC1A2F11B76453CBD8C76841836B1E82},
	doi = {10.1017/s0022226797006786},
	language = {English},
	number = {2},
	urldate = {2018-11-07},
	journal = {Journal of Linguistics},
	author = {Paradis, Carole and LaCharite, Darlene},
	month = sep,
	year = {1997},
	pages = {379--430},
}

@book{labov_social_2006,
	address = {Cambridge, UK},
	edition = {2nd},
	title = {The {Social} {Stratification} of {English} in {New} {York} {City}},
	isbn = {978-0-521-82122-3},
	language = {English},
	publisher = {Cambridge University Press},
	author = {Labov, William},
	year = {2006},
	note = {original-date: 1966},
}
