
@incollection{podesva_creating_2013,
	address = {Cambridge, UK; New York, NY},
	title = {Creating and using corpora},
	isbn = {978-1-107-01433-6},
	abstract = {A comprehensive guide to conducting research projects in linguistics, this text provides a complete training in data collection, processing, and analysis techniques. Covering the full range of methods used across the field, this student-friendly text is also a helpful reference source for the more experienced researcher and practitioner.},
	language = {English},
	booktitle = {Research {Methods} in {Linguistics}},
	publisher = {Cambridge University Press},
	author = {Gries, Stefan Th. and Newman, John},
	editor = {Podesva, Robert and Sharma, Devyani},
	year = {2013},
	keywords = {Read, Linguistics -- Research -- Methodology},
	pages = {257--287},
	file = {Podesva et Sharma - 2013 - .pdf:C\:\\Users\\josh8\\Zotero\\storage\\XPI5A2LB\\Podesva et Sharma - 2013 - .pdf:application/pdf}
}
