
@book{labov_social_2006,
	address = {Cambridge, UK},
	edition = {2nd},
	title = {The {Social} {Stratification} of {English} in {New} {York} {City}},
	isbn = {978-0-521-82122-3},
	language = {English},
	publisher = {Cambridge University Press},
	author = {Labov, William},
	year = {2006},
	note = {original-date: 1966},
	keywords = {Anglais (Langue), Classe sociale, New York (N.Y.), Statut social, Stratification sociale, Variation de langage, Psycholinguistique, Read},
	file = {Labov - 2006 - The Social Stratification of English in New York C.pdf:C\:\\Users\\josh8\\Zotero\\storage\\MSUTG5EB\\Labov - 2006 - The Social Stratification of English in New York C.pdf:application/pdf}
}
